@book {MR2245368,
    AUTHOR = {Pitman, J.},
     TITLE = {Combinatorial stochastic processes},
    SERIES = {Lecture Notes in Mathematics},
    VOLUME = {1875},
      NOTE = {Lectures from the 32nd Summer School on Probability Theory
              held in Saint-Flour, July 7--24, 2002,
              With a foreword by Jean Picard},
 PUBLISHER = {Springer-Verlag, Berlin},
      YEAR = {2006},
     PAGES = {x+256},
      ISBN = {978-3-540-30990-1; 3-540-30990-X},
   MRCLASS = {60-02 (05-01 05A17 05C80 60C05 60G09 60J65 60J80)},
  MRNUMBER = {2245368 (2008c:60001)},
MRREVIEWER = {Bert Fristedt},
}
