@incollection {MR2053052,
    AUTHOR = {Miermont, Gr{\'e}gory and Schweinsberg, Jason},
     TITLE = {Self-similar fragmentations and stable subordinators},
 BOOKTITLE = {S\'eminaire de {P}robabilit\'es {XXXVII}},
    SERIES = {Lecture Notes in Math.},
    VOLUME = {1832},
     PAGES = {333--359},
 PUBLISHER = {Springer, Berlin},
      YEAR = {2003},
   MRCLASS = {60G18 (60J27 60J75)},
  MRNUMBER = {2053052 (2005e:60086)},
MRREVIEWER = {B. L. Granovsky},
       DOI = {10.1007/978-3-540-40004-2_13},
       URL = {http://dx.doi.org/10.1007/978-3-540-40004-2_13},
}

@article {MR1899456,
    AUTHOR = {Bertoin, Jean},
     TITLE = {Self-similar fragmentations},
   JOURNAL = {Ann. Inst. H. Poincar\'e Probab. Statist.},
  FJOURNAL = {Annales de l'Institut Henri Poincar\'e. Probabilit\'es et
              Statistiques},
    VOLUME = {38},
      YEAR = {2002},
    NUMBER = {3},
     PAGES = {319--340},
      ISSN = {0246-0203},
     CODEN = {AHPBAR},
   MRCLASS = {60J25 (60G09)},
  MRNUMBER = {1899456 (2003h:60109)},
MRREVIEWER = {Ilie A. Grigorescu},
       DOI = {10.1016/S0246-0203(00)01073-6},
       URL = {http://dx.doi.org/10.1016/S0246-0203(00)01073-6},
}
