
@book{MR2351587,
    AUTHOR = {Evans, Steven N.},
     TITLE = {Probability and real trees},
    SERIES = {Lecture Notes in Mathematics},
    VOLUME = {1920},
      NOTE = {Lectures from the 35th Summer School on Probability Theory
              held in Saint-Flour, July 6--23, 2005},
 PUBLISHER = {Springer, Berlin},
      YEAR = {2008},
     PAGES = {xii+193},
      ISBN = {978-3-540-74797-0},
   MRCLASS = {60B99 (05C05 60J25)},
  MRNUMBER = {2351587},
MRREVIEWER = {Wolfgang Woess},
       DOI = {10.1007/978-3-540-74798-7},
       URL = {http://dx.doi.org/10.1007/978-3-540-74798-7},
}

@incollection {MR2744243,
    AUTHOR = {Gnedin, Alexander and Haulk, Chris and Pitman, Jim},
     TITLE = {Characterizations of exchangeable partitions and random
              discrete distributions by deletion properties},
 BOOKTITLE = {Probability and mathematical genetics},
    SERIES = {London Math. Soc. Lecture Note Ser.},
    VOLUME = {378},
     PAGES = {264--298},
 PUBLISHER = {Cambridge Univ. Press, Cambridge},
      YEAR = {2010},
   MRCLASS = {60C05 (05A18 05D40 60G09)},
  MRNUMBER = {2744243},
MRREVIEWER = {Martin M{\"o}hle},
}
		
@incollection {MR2459948,
    AUTHOR = {Gnedin, Alexander and Pitman, Jim},
     TITLE = {Moments of convex distribution functions and completely
              alternating sequences},
 BOOKTITLE = {Probability and statistics: essays in honor of {D}avid {A}.
              {F}reedman},
    SERIES = {Inst. Math. Stat. Collect.},
    VOLUME = {2},
     PAGES = {30--41},
 PUBLISHER = {Inst. Math. Statist., Beachwood, OH},
      YEAR = {2008},
   MRCLASS = {60G09 (44A60 62E10)},
  MRNUMBER = {2459948},
MRREVIEWER = {Qihe Tang},
       DOI = {10.1214/193940307000000374},
       URL = {http://dx.doi.org/10.1214/193940307000000374},
}
		
@article {MR2351686,
    AUTHOR = {Gnedin, Alexander and Pitman, Jim},
     TITLE = {Poisson representation of a {E}wens fragmentation process},
   JOURNAL = {Combin. Probab. Comput.},
  FJOURNAL = {Combinatorics, Probability and Computing},
    VOLUME = {16},
      YEAR = {2007},
    NUMBER = {6},
     PAGES = {819--827},
      ISSN = {0963-5483},
   MRCLASS = {60K40 (60J27)},
  MRNUMBER = {2351686},
MRREVIEWER = {Jean-Fran{\c{c}}ois Delmas},
       DOI = {10.1017/S0963548306008352},
       URL = {http://dx.doi.org/10.1017/S0963548306008352},
}
		
@article {MR2344303,
    AUTHOR = {Dong, Rui and Gnedin, Alexander and Pitman, Jim},
     TITLE = {Exchangeable partitions derived from {M}arkovian coalescents},
   JOURNAL = {Ann. Appl. Probab.},
  FJOURNAL = {The Annals of Applied Probability},
    VOLUME = {17},
      YEAR = {2007},
    NUMBER = {4},
     PAGES = {1172--1201},
      ISSN = {1050-5164},
   MRCLASS = {60G09 (60C05)},
  MRNUMBER = {2344303},
       DOI = {10.1214/105051607000000069},
       URL = {http://dx.doi.org/10.1214/105051607000000069},
}
		
@article {MR2318403,
    AUTHOR = {Gnedin, Alexander and Hansen, Ben and Pitman, Jim},
     TITLE = {Notes on the occupancy problem with infinitely many boxes:
              general asymptotics and power laws},
   JOURNAL = {Probab. Surv.},
  FJOURNAL = {Probability Surveys},
    VOLUME = {4},
      YEAR = {2007},
     PAGES = {146--171},
      ISSN = {1549-5787},
   MRCLASS = {60F05 (60C05 60F15)},
  MRNUMBER = {2318403},
MRREVIEWER = {Endre Cs{\'a}ki},
       DOI = {10.1214/07-PS092},
       URL = {http://dx.doi.org/10.1214/07-PS092},
}
		
@article {MR2240701,
    AUTHOR = {Gnedin, Alexander and Pitman, Jim and Yor, Marc},
     TITLE = {Asymptotic laws for regenerative compositions: gamma
              subordinators and the like},
   JOURNAL = {Probab. Theory Related Fields},
  FJOURNAL = {Probability Theory and Related Fields},
    VOLUME = {135},
      YEAR = {2006},
    NUMBER = {4},
     PAGES = {576--602},
      ISSN = {0178-8051},
     CODEN = {PTRFEU},
   MRCLASS = {60C05 (60F05)},
  MRNUMBER = {2240701},
MRREVIEWER = {Martin V. Hildebrand},
       DOI = {10.1007/s00440-005-0473-0},
       URL = {http://dx.doi.org/10.1007/s00440-005-0473-0},
}
		
@article {MR2223948,
    AUTHOR = {Gnedin, Alexander and Pitman, Jim and Yor, Marc},
     TITLE = {Asymptotic laws for compositions derived from transformed
              subordinators},
   JOURNAL = {Ann. Probab.},
  FJOURNAL = {The Annals of Probability},
    VOLUME = {34},
      YEAR = {2006},
    NUMBER = {2},
     PAGES = {468--492},
      ISSN = {0091-1798},
     CODEN = {APBYAE},
   MRCLASS = {60G09 (60C05)},
  MRNUMBER = {2223948},
MRREVIEWER = {Martin V. Hildebrand},
       DOI = {10.1214/009117905000000639},
       URL = {http://dx.doi.org/10.1214/009117905000000639},
}
		
@article {MR2183216,
    AUTHOR = {Gnedin, A. and Pitman, J.},
     TITLE = {Self-similar and {M}arkov composition structures},
   JOURNAL = {Zap. Nauchn. Sem. S.-Peterburg. Otdel. Mat. Inst. Steklov.
              (POMI)},
  FJOURNAL = {Rossi\u\i skaya Akademiya Nauk. Sankt-Peterburgskoe Otdelenie.
              Matematicheski\u\i\ Institut im. V. A. Steklova. Zapiski
              Nauchnykh Seminarov (POMI)},
    VOLUME = {326},
      YEAR = {2005},
    NUMBER = {Teor. Predst. Din. Sist. Komb. i Algoritm. Metody. 13},
     PAGES = {59--84, 280--281},
      ISSN = {0373-2703},
   MRCLASS = {60D05 (60C05)},
  MRNUMBER = {2183216},
       DOI = {10.1007/s10958-007-0447-0},
       URL = {http://dx.doi.org/10.1007/s10958-007-0447-0},
}
		
@article {MR2160320,
    AUTHOR = {Gnedin, A. and Pitman, J.},
     TITLE = {Exchangeable {G}ibbs partitions and {S}tirling triangles},
   JOURNAL = {Zap. Nauchn. Sem. S.-Peterburg. Otdel. Mat. Inst. Steklov.
              (POMI)},
  FJOURNAL = {Rossi\u\i skaya Akademiya Nauk. Sankt-Peterburgskoe Otdelenie.
              Matematicheski\u\i\ Institut im. V. A. Steklova. Zapiski
              Nauchnykh Seminarov (POMI)},
    VOLUME = {325},
      YEAR = {2005},
    NUMBER = {Teor. Predst. Din. Sist. Komb. i Algoritm. Metody. 12},
     PAGES = {83--102, 244--245},
      ISSN = {0373-2703},
   MRCLASS = {60C05 (05A17)},
  MRNUMBER = {2160320},
MRREVIEWER = {F. W. Steutel},
       DOI = {10.1007/s10958-006-0335-z},
       URL = {http://dx.doi.org/10.1007/s10958-006-0335-z},
}
		
@article {MR2122798,
    AUTHOR = {Gnedin, Alexander and Pitman, Jim},
     TITLE = {Regenerative composition structures},
   JOURNAL = {Ann. Probab.},
  FJOURNAL = {The Annals of Probability},
    VOLUME = {33},
      YEAR = {2005},
    NUMBER = {2},
     PAGES = {445--479},
      ISSN = {0091-1798},
     CODEN = {APBYAE},
   MRCLASS = {60G09 (60C05)},
  MRNUMBER = {2122798},
MRREVIEWER = {Martin V. Hildebrand},
       DOI = {10.1214/009117904000000801},
       URL = {http://dx.doi.org/10.1214/009117904000000801},
}
		
@article {MR2120107,
    AUTHOR = {Gnedin, Alexander and Pitman, Jim},
     TITLE = {Regenerative partition structures},
   JOURNAL = {Electron. J. Combin.},
  FJOURNAL = {Electronic Journal of Combinatorics},
    VOLUME = {11},
      YEAR = {2004/06},
    NUMBER = {2},
     PAGES = {Research Paper 12, 21},
      ISSN = {1077-8926},
   MRCLASS = {60G09 (60C05)},
  MRNUMBER = {2120107},
MRREVIEWER = {Martin V. Hildebrand},
       URL =
              {http://www.combinatorics.org/Volume_11/Abstracts/v11i2r12.html},
}
		
@article {MR2485021,
    AUTHOR = {Duquesne, Thomas},
     TITLE = {Continuum random trees and branching processes with
              immigration},
   JOURNAL = {Stochastic Process. Appl.},
  FJOURNAL = {Stochastic Processes and their Applications},
    VOLUME = {119},
      YEAR = {2009},
    NUMBER = {1},
     PAGES = {99--129},
      ISSN = {0304-4149},
     CODEN = {STOPB7},
   MRCLASS = {60F17 (60J55 60J80)},
  MRNUMBER = {2485021},
       DOI = {10.1016/j.spa.2006.04.016},
       URL = {http://dx.doi.org/10.1016/j.spa.2006.04.016},
}
		
@article {MR1964956,
    AUTHOR = {Duquesne, Thomas},
     TITLE = {A limit theorem for the contour process of conditioned
              {G}alton-{W}atson trees},
   JOURNAL = {Ann. Probab.},
  FJOURNAL = {The Annals of Probability},
    VOLUME = {31},
      YEAR = {2003},
    NUMBER = {2},
     PAGES = {996--1027},
      ISSN = {0091-1798},
     CODEN = {APBYAE},
   MRCLASS = {60F17 (60G17 60G52)},
  MRNUMBER = {1964956},
MRREVIEWER = {Endre Cs{\'a}ki},
       DOI = {10.1214/aop/1048516543},
       URL = {http://dx.doi.org/10.1214/aop/1048516543},
}
		
@article {MR1954248,
    AUTHOR = {Duquesne, Thomas and Le Gall, Jean-Fran{\c{c}}ois},
     TITLE = {Random trees, {L}\'evy processes and spatial branching
              processes},
   JOURNAL = {Ast\'erisque},
  FJOURNAL = {Ast\'erisque},
    NUMBER = {281},
      YEAR = {2002},
     PAGES = {vi+147},
      ISSN = {0303-1179},
   MRCLASS = {60J80 (60F17 60G51)},
  MRNUMBER = {1954248},
MRREVIEWER = {David J. Aldous},
}
@article {MR3378819,
    AUTHOR = {Pitman, Jim and Rizzolo, Douglas},
     TITLE = {Schr\"oder's problems and scaling limits of random trees},
   JOURNAL = {Trans. Amer. Math. Soc.},
  FJOURNAL = {Transactions of the American Mathematical Society},
    VOLUME = {367},
      YEAR = {2015},
    NUMBER = {10},
     PAGES = {6943--6969},
      ISSN = {0002-9947},
   MRCLASS = {60C05 (05C05 05C80 60J80)},
  MRNUMBER = {3378819},
MRREVIEWER = {Nicolas Curien},
       DOI = {10.1090/S0002-9947-2015-06254-0},
       URL = {http://dx.doi.org/10.1090/S0002-9947-2015-06254-0},
}
http://www.ams.org/mathscinet-getitem?mr=3378819

@article {MR3335013,
    AUTHOR = {Rizzolo, Douglas},
     TITLE = {Scaling limits of {M}arkov branching trees and
              {G}alton-{W}atson trees conditioned on the number of vertices
              with out-degree in a given set},
   JOURNAL = {Ann. Inst. Henri Poincar\'e Probab. Stat.},
  FJOURNAL = {Annales de l'Institut Henri Poincar\'e Probabilit\'es et
              Statistiques},
    VOLUME = {51},
      YEAR = {2015},
    NUMBER = {2},
     PAGES = {512--532},
      ISSN = {0246-0203},
   MRCLASS = {60J80 (05C05 60B10 60F17)},
  MRNUMBER = {3335013},
MRREVIEWER = {Tao Lei},
       DOI = {10.1214/13-AIHP594},
       URL = {http://dx.doi.org/10.1214/13-AIHP594},
}

@article {MR2314353,
    AUTHOR = {Berestycki, Nathana{\"e}l and Pitman, Jim},
     TITLE = {Gibbs distributions for random partitions generated by a
              fragmentation process},
   JOURNAL = {J. Stat. Phys.},
  FJOURNAL = {Journal of Statistical Physics},
    VOLUME = {127},
      YEAR = {2007},
    NUMBER = {2},
     PAGES = {381--418},
      ISSN = {0022-4715},
   MRCLASS = {60K40 (82B44)},
  MRNUMBER = {2314353},
MRREVIEWER = {Anne-Laure Basdevant},
       DOI = {10.1007/s10955-006-9261-1},
       URL = {http://dx.doi.org/10.1007/s10955-006-9261-1},
}
@article {MR2577307,
    AUTHOR = {Fulman, Jason},
     TITLE = {Mixing time for a random walk on rooted trees},
   JOURNAL = {Electron. J. Combin.},
  FJOURNAL = {Electronic Journal of Combinatorics},
    VOLUME = {16},
      YEAR = {2009},
    NUMBER = {1},
     PAGES = {Research Paper 139, 13},
      ISSN = {1077-8926},
   MRCLASS = {05C81 (05E99 60J10)},
  MRNUMBER = {2577307},
       URL =
              {http://www.combinatorics.org/Volume_16/Abstracts/v16i1r139.html},
}
@incollection {MR3051207,
    AUTHOR = {Cerquetti, Annalisa},
     TITLE = {Some contributions to the theory of conditional {G}ibbs
              partitions},
 BOOKTITLE = {Complex models and computational methods in statistics},
    SERIES = {Contrib. Statist.},
     PAGES = {77--89},
 PUBLISHER = {Physica-Verlag/Springer, Milan},
      YEAR = {2013},
   MRCLASS = {60G09 (60C05)},
  MRNUMBER = {3051207},
       DOI = {10.1007/978-88-470-2871-5_7},
       URL = {http://dx.doi.org/10.1007/978-88-470-2871-5_7},
}
http://www.ams.org/mathscinet-getitem?mr=3051207

@article {MR3035269,
    AUTHOR = {Cerquetti, Annalisa},
     TITLE = {Marginals of multivariate {G}ibbs distributions with
              applications in {B}ayesian species sampling},
   JOURNAL = {Electron. J. Stat.},
  FJOURNAL = {Electronic Journal of Statistics},
    VOLUME = {7},
      YEAR = {2013},
     PAGES = {697--716},
      ISSN = {1935-7524},
   MRCLASS = {62G05 (60G09 60G57 62F15)},
  MRNUMBER = {3035269},
       DOI = {10.1214/13-EJS784},
       URL = {http://dx.doi.org/10.1214/13-EJS784},
}
http://www.ams.org/mathscinet-getitem?mr=3035269

@article {MR2479467,
    AUTHOR = {Cerquetti, Annalisa},
     TITLE = {On a {G}ibbs characterization of normalized generalized
              {G}amma processes},
   JOURNAL = {Statist. Probab. Lett.},
  FJOURNAL = {Statistics \& Probability Letters},
    VOLUME = {78},
      YEAR = {2008},
    NUMBER = {18},
     PAGES = {3123--3128},
      ISSN = {0167-7152},
   MRCLASS = {60C05 (60E07 60G09 60G99)},
  MRNUMBER = {2479467},
MRREVIEWER = {Romain Abraham},
       DOI = {10.1016/j.spl.2008.05.027},
       URL = {http://dx.doi.org/10.1016/j.spl.2008.05.027},
}
