

@incollection {MR2276901,
    AUTHOR = {Aldous, David and Pitman, Jim},
     TITLE = {Two recursive decompositions of {B}rownian bridge related to
              the asymptotics of random mappings},
 BOOKTITLE = {In memoriam {P}aul-{A}ndr\'e {M}eyer: {S}\'eminaire de
              {P}robabilit\'es {XXXIX}},
    SERIES = {Lecture Notes in Math.},
    VOLUME = {1874},
     PAGES = {269--303},
 PUBLISHER = {Springer, Berlin},
      YEAR = {2006},
   MRCLASS = {60C05 (60J65)},
  MRNUMBER = {2276901},
MRREVIEWER = {Endre Cs{\'a}ki},
       DOI = {10.1007/978-3-540-35513-7_19},
       URL = {http://dx.doi.org.ezproxy.lib.utexas.edu/10.1007/978-3-540-35513-7_19},
}
		


@book {MR2253162,
    AUTHOR = {Bertoin, Jean},
     TITLE = {Random fragmentation and coagulation processes},
    SERIES = {Cambridge Studies in Advanced Mathematics},
    VOLUME = {102},
 PUBLISHER = {Cambridge University Press, Cambridge},
      YEAR = {2006},
     PAGES = {viii+280},
      ISBN = {978-0-521-86728-3; 0-521-86728-2},
   MRCLASS = {60-02 (60G09 60J27 82C31)},
  MRNUMBER = {2253162},
MRREVIEWER = {Nicolas Fournier},
       DOI = {10.1017/CBO9780511617768},
       URL = {http://dx.doi.org.ezproxy.lib.utexas.edu/10.1017/CBO9780511617768},
}
		
@article {MR1293075,
    AUTHOR = {Aldous, David J. and Pitman, Jim},
     TITLE = {Brownian bridge asymptotics for random mappings},
   JOURNAL = {Random Structures Algorithms},
  FJOURNAL = {Random Structures \& Algorithms},
    VOLUME = {5},
      YEAR = {1994},
    NUMBER = {4},
     PAGES = {487--512},
      ISSN = {1042-9832},
   MRCLASS = {60F05 (60C05 60J65)},
  MRNUMBER = {1293075},
MRREVIEWER = {Lyuben R. Mutafchiev},
       DOI = {10.1002/rsa.3240050402},
       URL = {http://dx.doi.org.ezproxy.lib.utexas.edu/10.1002/rsa.3240050402},
}

@article {MR1990057,
    AUTHOR = {Bertoin, Jean and Le Gall, Jean-Fran{\c{c}}ois},
     TITLE = {Stochastic flows associated to coalescent processes},
   JOURNAL = {Probab. Theory Related Fields},
  FJOURNAL = {Probability Theory and Related Fields},
    VOLUME = {126},
      YEAR = {2003},
    NUMBER = {2},
     PAGES = {261--288},
      ISSN = {0178-8051},
     CODEN = {PTRFEU},
   MRCLASS = {60G09 (60J25)},
  MRNUMBER = {1990057},
MRREVIEWER = {Ilie A. Grigorescu},
       DOI = {10.1007/s00440-003-0264-4},
       URL = {http://dx.doi.org.ezproxy.lib.utexas.edu/10.1007/s00440-003-0264-4},
}
